@book{mitschke2010fiber,
  title={Fiber Optics: Physics and Technology},
  author={Mitschke, F.},
  isbn={9783642037030},
  lccn={2009938485},
  url={https://books.google.de/books?id=343fg\_YU5U4C},
  year={2010},
  publisher={Springer Berlin Heidelberg}
}

@book{derickson1998fiber,
  title={Fiber Optic Test and Measurement},
  author={Derickson, D.},
  isbn={9780135343302},
  lccn={97020323},
  series={Hewlett-Packard professional books},
  url={https://books.google.de/books?id=b\_tSAAAAMAAJ},
  year={1998},
  publisher={Prentice Hall PTR}
}
